% Este documento .bib es el que almacena las referencias para un documento de LaTeX. Muchas de las fuentes que uno cita permiten crear la referencia en este formato. Por ejemplo, las 3 citas siguientes están obtenidas desde el Quarterly Journal of Economics (https://academic.oup.com/qje). Para obtenerlas solo bastaba entrar al artículo de interés y luego en ``Cite'' o ``Citar'', para luego escoger el formato (en este caso, LaTeX o BibTeX). El sitio de la biblioteca UC también permite descargar las citas en este formato.


% Todas las entradas comienzan con @algo, donde ese ``algo'' determina qué tipo de documento está siendo citado. En estos 3 casos son artículos científicos y por lo tanto se citan como ``article''. También existen ``book'', ``inproceedings'', ``incollection'', entre otros. Además del tipo de documento, se listan varias propiedades del mismo que aparecerán en la cita: autor, título, journal, volumen, fecha, etc. Estos se escriben con la sintaxis
%		propiedad = {valor}

% Se termina en una ``,'' solo si viene otra propiedad después. El uso de ``{}'' es opcional pero altamente recomendable. También se pueden reemplazar los ``{}'' por unas comillas. El listado de propiedades depende del tipo de recurso que se está citando y vienen automáticamente con la descarga de la cita. Podemos eliminar alguna si nos interesa. En este caso eliminé la entrada ``abstract'', porque ocupa mucho espacio.

% Lo más importante al incorporar la sigla es el primer elemento, justo antes de la primera propiedad. Esta funciona como un identificador de la cita, que se usa en el documento. Se recomienda poner un nombre característico que nos permita acordarnos a qué cita apuntaba. Esto, en conjunto con el uso de la opción draft en el documento principal harán muy fácil la incorporación de las citas correctas.
@article{crimesMorality,
    author = {Cameron, Lisa and Seager, Jennifer and Shah, Manisha},
    title = "{Crimes Against Morality: Unintended Consequences of Criminalizing Sex Work*}",
    journal = {The Quarterly Journal of Economics},
    volume = {136},
    number = {1},
    pages = {427-469},
    year = {2020},
    month = {09},
    issn = {0033-5533},
    doi = {10.1093/qje/qjaa032},
    url = {https://doi.org/10.1093/qje/qjaa032},
    eprint = {https://academic.oup.com/qje/article-pdf/136/1/427/35073210/qjaa032.pdf},
}

@article{religionAndEconomy,
    author = {Bryan, Gharad and Choi, James J and Karlan, Dean},
    title = "{Randomizing Religion: the Impact of Protestant Evangelism on Economic Outcomes*}",
    journal = {The Quarterly Journal of Economics},
    volume = {136},
    number = {1},
    pages = {293-380},
    year = {2020},
    month = {06},
    issn = {0033-5533},
    doi = {10.1093/qje/qjaa023},
    url = {https://doi.org/10.1093/qje/qjaa023},
    eprint = {https://academic.oup.com/qje/article-pdf/136/1/293/35073187/qjaa023.pdf},
}

@article{policeViolence,
    author = {Ang, Desmond},
    title = "{The Effects of Police Violence on Inner-City Students*}",
    journal = {The Quarterly Journal of Economics},
    volume = {136},
    number = {1},
    pages = {115-168},
    year = {2020},
    month = {09},
    issn = {0033-5533},
    doi = {10.1093/qje/qjaa027},
    url = {https://doi.org/10.1093/qje/qjaa027},
    eprint = {https://academic.oup.com/qje/article-pdf/136/1/115/35073247/qjaa027.pdf},
}











